<?xml version="1.0" encoding="UTF-8"?><collection xmlns="http://www.loc.gov/MARC21/slim"><record><leader>00525nam--2200169-i-4500</leader><controlfield tag="001">000040913</controlfield><controlfield tag="002">20161230</controlfield><controlfield tag="005">20161230201042</controlfield><controlfield tag="008">060222s1000------------r-----000-0-eng-d</controlfield><datafield ind1=" " ind2=" " tag="040"><subfield code="a">IFIN-HH</subfield></datafield><datafield ind1=" " ind2=" " tag="080"><subfield code="a">539.143.43(043):546(043)</subfield></datafield><datafield ind1="1" ind2=" " tag="100"><subfield code="a">Scott, Katherine Nasfay</subfield></datafield><datafield ind1="1" ind2="0" tag="245"><subfield code="a">Nmr spectroscopy of some nitrogen-boron compounds</subfield><subfield code="b">Dissertation</subfield><subfield code="c">Katherine nasfay scott</subfield></datafield><datafield ind1=" " ind2=" " tag="260"><subfield code="a">Ann Arbor, Michigan</subfield><subfield code="b">University Microfilms, Inc</subfield><subfield code="c">1966</subfield></datafield><datafield ind1=" " ind2=" " tag="300"><subfield code="a">VII+105P</subfield></datafield><datafield ind1=" " ind2=" " tag="852"><subfield code="a">29920</subfield><subfield code="c">539.143.43</subfield></datafield><datafield ind1=" " ind2=" " tag="CAT"><subfield code="a">Sys</subfield><subfield code="c">20120503</subfield><subfield code="h">132051</subfield></datafield></record></collection>